% This file was created with JabRef 2.7b.
% Encoding: UTF8

@misc{wagner2009tele,
	title={„{T}ele-{A}ltenpflege“ und „{R}obotertherapie “: {L}eben mit {R}obotern als {V}ision und {R}ealit{\"a}t f{\"u}r die alternde {G}esellschaft {J}apans},
	author={Wagner, Cosima},
	journal={Altern in Japan, Japanstudien},
	pages={271--298},
	year={2009},
	publisher={iudicium Verlag Munich}
}
@ARTICLE {brunozandonella2013,
	author   = "Bruno Zandonella",
	title    = "Bevölkerungsentwicklung und {R}enten",
	year     = "2013",
	month    = "oct",
	crossref = "http://www.bpb.de/system/files/dokument_pdf/4810_tb99_bevoelkerungsentwicklung_online_farbe_k1.pdf"
}
@BOOK {AOK2004,
	author    = "B. Badura, weitere",
	title     = "Fehlzeiten-Report 2004  Gesundheitsmanagement in Krankenhäusern und Pflegeeinrichtungen",
	publisher = "Badura, Prof. Dr. Bernhard Schellschmidt, Dr. Henner Vetter, Christian",
	year      = "2005",
	note      = "ISBN 978-3-540-27051-5"
}
@BOOK {kobayashihisato1999,
	author    = "Kobayashi, Hisato",
	title     = "Technolife Series. Robotto wa tomodachi da! [Technolife-Serie. Der Roboter ist ein Freund!]",
	publisher = "Ohmsha",
	year      = "1999",
	address   = "Tokyo"
}
@ONLINE {panasonic2005,
	author = "Panasonic",
	month  = "may",
	year   = "2005",
	url    = "http://panasonic.co.  	jp/museum/smilennium/kaden/  	robot/38/01.html"
}
@BOOK {dr.sibyllemeyer2011,
	author    = "Dr. Sibylle Meyer",
	title     = "Mein Freund der Roboter",
	publisher = "BMBF/VDE Innovationspartnerschaft AAL",
	year      = "2011",
	month     = "oct",
	note      = "ISBN-10: 3800733420"
}